@misc{noisyor,
  Author = {Blutner, Reinhard},
  Institution = {UUniversity of Amsterdam},
  Howpublished = {Slides},
  Year = {2012-2013},
  Title = {Noisy ORs}
}
@article{Fierens,
  author    = {Daan Fierens and
               Guy Van den Broeck and
               Ingo Thon and
               Bernd Gutmann and
               Luc De Raedt},
  title     = {Inference in Probabilistic Logic Programs using Weighted CNF's},
  journal   = {CoRR},
  volume    = {abs/1202.3719},
  year      = {2012},
  url       = {http://arxiv.org/abs/1202.3719},
  archivePrefix = {arXiv},
  eprint    = {1202.3719},
  timestamp = {Mon, 13 Aug 2018 16:46:23 +0200},
  biburl    = {https://dblp.org/rec/bib/journals/corr/abs-1202-3719},
  bibsource = {dblp computer science bibliography, https://dblp.org}
},
@inproceedings{shen,
  title={Tractable operations for arithmetic circuits of probabilistic models},
  author={Shen, Yujia and Choi, Arthur and Darwiche, Adnan},
  booktitle={Advances in Neural Information Processing Systems},
  pages={3936--3944},
  year={2016}
},
@article{chavira,
  title={On probabilistic inference by weighted model counting},
  author={Chavira, Mark and Darwiche, Adnan},
  journal={Artificial Intelligence},
  volume={172},
  number={6-7},
  pages={772--799},
  year={2008},
  publisher={Elsevier}
}